<?xml version="1.0" encoding="UTF-8"?><record xmlns="http://www.loc.gov/MARC21/slim" xmlns:cinclude="http://apache.org/cocoon/include/1.0" xmlns:zs="http://www.loc.gov/zing/srw/">
  <leader>01696cz  a2200217n  4500</leader>
  <controlfield tag="001">n  99039848 </controlfield>
  <controlfield tag="003">DLC</controlfield>
  <controlfield tag="005">20150406073606.0</controlfield>
  <controlfield tag="008">990527n| azannaabn          |n aaa      </controlfield>
  <datafield tag="010" ind1=" " ind2=" ">
    <subfield code="a">n  99039848 </subfield>
  </datafield>
  <datafield tag="035" ind1=" " ind2=" ">
    <subfield code="a">(OCoLC)oca04996645</subfield>
  </datafield>
  <datafield tag="040" ind1=" " ind2=" ">
    <subfield code="a">DLC</subfield>
    <subfield code="b">eng</subfield>
    <subfield code="e">rda</subfield>
    <subfield code="c">DLC</subfield>
    <subfield code="d">DHU-MS</subfield>
    <subfield code="d">IEN</subfield>
  </datafield>
  <datafield tag="046" ind1=" " ind2=" ">
    <subfield code="f">1930</subfield>
    <subfield code="g">2004-09</subfield>
  </datafield>
  <datafield tag="100" ind1="1" ind2=" ">
    <subfield code="a">Dini, Ahmed,</subfield>
    <subfield code="d">1932-</subfield>
  </datafield>
  <datafield tag="370" ind1=" " ind2=" ">
    <subfield code="a">Djibouti</subfield>
    <subfield code="b">Djibouti</subfield>
    <subfield code="c">Djibouti</subfield>
    <subfield code="2">naf</subfield>
  </datafield>
  <datafield tag="373" ind1=" " ind2=" ">
    <subfield code="a">Front pour la restauration de l'unité et de la démocratie (Djibouti)</subfield>
    <subfield code="2">naf</subfield>
  </datafield>
  <datafield tag="373" ind1=" " ind2=" ">
    <subfield code="a">Governing Council (Djibouti)</subfield>
    <subfield code="a">Djibouti. Chamber of Deputies</subfield>
    <subfield code="a">Parti Populaire Djiboutien</subfield>
  </datafield>
  <datafield tag="374" ind1=" " ind2=" ">
    <subfield code="a">Nationalists</subfield>
    <subfield code="a">Prime ministers</subfield>
    <subfield code="2">lcsh</subfield>
  </datafield>
  <datafield tag="375" ind1=" " ind2=" ">
    <subfield code="a">male</subfield>
  </datafield>
  <datafield tag="670" ind1=" " ind2=" ">
    <subfield code="a">Ahmed Dini et la politique à Djibouti, c1998:</subfield>
    <subfield code="b">p. 10 (b. 1932)</subfield>
  </datafield>
  <datafield tag="670" ind1=" " ind2=" ">
    <subfield code="a">Dictionary of African Biography, accessed October 26, 2014, via Oxford African American Studies Center  database:</subfield>
    <subfield code="b">(Ahmed, Dini Ahmed; other forms of name;  nationalist, Prime Minister; born 1930 in Afar, Djibouti;  president of the Governing Council, Djibouti (1959); president of the Chamber of Deputies (1977); was prime minister;  resigned his post (December 1977); created the Parti Populaire Djiboutien, an opposition party that was immediately  outlawed (1981); imprisoned (1981-1982); retired from politics for nearly ten years; president of the Front for the  Restoration of Unity and Democracy (Front pour la Restauration de l'Unité et de la Démocratie, FRUD) (1991); within  several months, FRUD guerillas occupied northern Djibouti and most territory between Lake Abbé and Lake Assal;  negotiated with France, international organizations, and humanitarian agencies and signed a peace treaty (2001); died  September 2004 in Djibouti)</subfield>
  </datafield>
</record>